@misc{keras,
  title={Keras},
  author={Chollet, Francois and others},
  year={2015},
  publisher={GitHub},
  url={https://github.com/fchollet/keras},
}


@misc{tensorflow,
    title={ {TensorFlow}: Large-Scale Machine Learning on Heterogeneous Systems},
    url={https://www.tensorflow.org/},
    note={Software available from tensorflow.org},
    author={
        Mart\'{\i}n~Abadi and
        Ashish~Agarwal and
        Paul~Barham and
        Eugene~Brevdo and
        Zhifeng~Chen and
        Craig~Citro and
        Greg~S.~Corrado and
        Andy~Davis and
        Jeffrey~Dean and
        Matthieu~Devin and
        Sanjay~Ghemawat and
        Ian~Goodfellow and
        Andrew~Harp and
        Geoffrey~Irving and
        Michael~Isard and
        Yangqing Jia and
        Rafal~Jozefowicz and
        Lukasz~Kaiser and
        Manjunath~Kudlur and
        Josh~Levenberg and
        Dandelion~Man\'{e} and
        Rajat~Monga and
        Sherry~Moore and
        Derek~Murray and
        Chris~Olah and
        Mike~Schuster and
        Jonathon~Shlens and
        Benoit~Steiner and
        Ilya~Sutskever and
        Kunal~Talwar and
        Paul~Tucker and
        Vincent~Vanhoucke and
        Vijay~Vasudevan and
        Fernanda~Vi\'{e}gas and
        Oriol~Vinyals and
        Pete~Warden and
        Martin~Wattenberg and
        Martin~Wicke and
        Yuan~Yu and
        Xiaoqiang~Zheng},
    year={2015},
}


@article{krizhevsky2017,
    author = {Krizhevsky, Alex and Sutskever, Ilya and Hinton, Geoffrey E.},
    title = {ImageNet Classification with Deep Convolutional Neural Networks},
    year = {2017},
    issue_date = {June 2017},
    publisher = {Association for Computing Machinery},
    address = {New York, NY, USA},
    volume = {60},
    number = {6},
    issn = {0001-0782},
    url = {https://doi.org/10.1145/3065386},
    doi = {10.1145/3065386},
    journal = {Commun. ACM},
    month = may,
    pages = {84–90},
    numpages = {7}
}


@article{srivastava2014,
    author = {Srivastava, Nitish and Hinton, Geoffrey and Krizhevsky, Alex and Sutskever, Ilya and Salakhutdinov, Ruslan},
    title = {Dropout: A Simple Way to Prevent Neural Networks from Overfitting},
    year = {2014},
    issue_date = {January 2014},
    publisher = {JMLR.org},
    volume = {15},
    number = {1},
    issn = {1532-4435},
    journal = {J. Mach. Learn. Res.},
    month = jan,
    pages = {1929–1958},
    numpages = {30},
    keywords = {neural networks, model combination, deep learning, regularization}
}


@misc{prokhorenkova2017,
    title={CatBoost: unbiased boosting with categorical features},
    author={Liudmila Prokhorenkova and Gleb Gusev and Aleksandr Vorobev and Anna Veronika Dorogush and Andrey Gulin},
    year={2017},
    eprint={1706.09516},
    archivePrefix={arXiv},
    primaryClass={cs.LG}
}


@article{dorogush2018,
  title={CatBoost: gradient boosting with categorical features support},
  author={Anna Veronika Dorogush and V. Ershov and A. Gulin},
  journal={ArXiv},
  year={2018},
  volume={abs/1810.11363}
}


@article{dorogush2017,
  title={Fighting biases with dynamic boosting},
  author={Anna Veronika Dorogush and Andrey Gulin and Gleb Gusev and Nikita Kazeev and Liudmila Ostroumova and Aleksandr Vorobev},
  journal={ArXiv},
  year={2017},
  volume={abs/1706.09516}
}


@article{friedman2002,
    title = "Stochastic gradient boosting",
    journal = "Computational Statistics & Data Analysis",
    volume = "38",
    number = "4",
    pages = "367 - 378",
    year = "2002",
    note = "Nonlinear Methods and Data Mining",
    issn = "0167-9473",
    doi = "https://doi.org/10.1016/S0167-9473(01)00065-2",
    url = "http://www.sciencedirect.com/science/article/pii/S0167947301000652",
    author = "Jerome H. Friedman",
}

@book{esl2001,
  address = {New York, NY, USA},
  author = {Hastie, Trevor and Tibshirani, Robert and Friedman, Jerome},
  keywords = {ml statistics},
  publisher = {Springer New York Inc.},
  series = {Springer Series in Statistics},
  title = {The Elements of Statistical Learning},
  year = 2001
}


@article{friedman2000,
    author = {Jerome H. Friedman},
    title = {Greedy Function Approximation: A Gradient Boosting Machine},
    journal = {Annals of Statistics},
    year = {2000},
    volume = {29},
    pages = {1189--1232}
}


@article{breiman96,
  added-at = {2011-05-12T20:52:32.000+0200},
  author = {Breiman, Leo},
  biburl = {https://www.bibsonomy.org/bibtex/2d7f2fcb651038d60087aa9d4a046eef8/smolav},
  interhash = {96b419212a439d785711b0d79e00332d},
  intrahash = {d7f2fcb651038d60087aa9d4a046eef8},
  journal = {Machine Learning},
  keywords = {bagging ensemble in-thesis machine-learning projn2011},
  number = 2,
  pages = {123-140},
  timestamp = {2011-07-28T23:34:55.000+0200},
  title = {Bagging Predictors},
  volume = 24,
  year = 1996
}


@article{breiman2001,
  added-at = {2015-04-15T08:57:31.000+0200},
  author = {Breiman, Leo},
  biburl = {https://www.bibsonomy.org/bibtex/2b8187107bf870043f2f93669958858f1/kdepublication},
  description = {Random Forests - Springer},
  doi = {10.1023/A:1010933404324},
  interhash = {4450d2e56555e7cb8f3817578e1dd4da},
  intrahash = {b8187107bf870043f2f93669958858f1},
  issn = {0885-6125},
  journal = {Machine Learning},
  keywords = {classification classifier dblp decision ensemble final forest forests imported kde learning machine ml mykopie origin random text-detection the_youtube_social_network thema:exploiting_place_features_in_link_prediction_on_location-based_social_networks trees uw_ss14_web2.0},
  language = {English},
  number = 1,
  pages = {5-32},
  publisher = {Kluwer Academic Publishers},
  timestamp = {2015-04-24T14:37:24.000+0200},
  title = {Random Forests},
  url = {http://dx.doi.org/10.1023/A%3A1010933404324},
  volume = 45,
  year = 2001
}


@book{slws2015,
author = {Hastie, Trevor and Tibshirani, Robert and Wainwright, Martin},
title = {Statistical Learning with Sparsity: The Lasso and Generalizations},
year = {2015},
isbn = {1498712169},
publisher = {Chapman & Hall/CRC},
}


@misc{bottou2016,
  added-at = {2018-02-12T07:17:48.000+0100},
  author = {Bottou, Léon and Curtis, Frank E. and Nocedal, Jorge},
  biburl = {https://www.bibsonomy.org/bibtex/28cab1ce691173e113e950ced23ef452e/jk_itwm},
  eprint = {arXiv:1606.04838},
  interhash = {e4d66b688b415668ef26e1a3ba593e4d},
  intrahash = {8cab1ce691173e113e950ced23ef452e},
  keywords = {},
  note = {quantization overview},
  timestamp = {2018-02-12T07:17:48.000+0100},
  title = {Optimization Methods for Large-Scale Machine Learning},
  url = {https://arxiv.org/abs/1606.04838},
  year = 2016
}

@misc{yin2017,
author = {Lou, Yin and Obukhov, Mikhail},
title = {BDT: Gradient Boosted Decision Tables for High Accuracy and Scoring Efficiency},
year = {2017},
isbn = {9781450348874},
publisher = {Association for Computing Machinery},
address = {New York, NY, USA},
url = {https://doi.org/10.1145/3097983.3098175},
doi = {10.1145/3097983.3098175},
booktitle = {Proceedings of the 23rd ACM SIGKDD International Conference on Knowledge Discovery and Data Mining},
pages = {1893–1901},
numpages = {9},
keywords = {gradient boosting, regression, classification, decision table},
location = {Halifax, NS, Canada},
series = {KDD '17}
}

@article{ferov2016,
  title={Enhancing LambdaMART Using Oblivious Trees},
  author={Michal Ferov and Marek Modr{\'y}},
  journal={ArXiv},
  year={2016},
  volume={abs/1609.05610}
}


@misc{popov2019,
    title={Neural Oblivious Decision Ensembles for Deep Learning on Tabular Data},
    author={Sergei Popov and Stanislav Morozov and Artem Babenko},
    year={2019},
    eprint={1909.06312},
    archivePrefix={arXiv},
    primaryClass={cs.LG}
}


@misc{kohavi1995,
author = {Kohavi, Ron and Li, Chia-Hsin},
title = {Oblivious Decision Trees Graphs and Top down Pruning},
year = {1995},
isbn = {1558603638},
publisher = {Morgan Kaufmann Publishers Inc.},
address = {San Francisco, CA, USA},
booktitle = {Proceedings of the 14th International Joint Conference on Artificial Intelligence - Volume 2},
pages = {1071–1077},
numpages = {7},
location = {Montreal, Quebec, Canada},
series = {IJCAI'95}
}
